<?xml version="1.0" encoding="UTF-8" ?>
<collection xmlns:xsi="http://www.w3.org/2001/XMLSchema-instance"
    xsi:schemaLocation="http://www.loc.gov/MARC21/slim
        http://www.loc.gov/standards/marcxml/schema/MARC21slim.xsd"
    xmlns="http://www.loc.gov/MARC21/slim">
<record>
  <leader>00272cam a2200529 ia4500</leader>
  <controlfield tag="001">b12318930</controlfield>
  <controlfield tag="003">LeBAU</controlfield>
  <controlfield tag="005">20140808</controlfield>
  <controlfield tag="008">970121m19511955tu            000 0 ara d</controlfield>
  <datafield tag="035" ind1=" " ind2=" ">
    <subfield code="a">ocn784193092</subfield>
  </datafield>
  <datafield tag="040" ind1=" " ind2=" ">
    <subfield code="a">LEAUB</subfield>
    <subfield code="b">ara</subfield>
    <subfield code="e">rda</subfield>
    <subfield code="c">LEAUB</subfield>
    <subfield code="d">LEAUB</subfield>
  </datafield>
  <datafield tag="041" ind1="0" ind2=" ">
    <subfield code="a">ara</subfield>
    <subfield code="b">tur</subfield>
  </datafield>
  <datafield tag="082" ind1="0" ind2="4">
    <subfield code="a">091.016</subfield>
    <subfield code="2">22</subfield>
  </datafield>
  <datafield tag="100" ind1="1" ind2=" ">
    <subfield code="6">880-01</subfield>
    <subfield code="a">Bābānī, Ismāʻīl Bāshā,</subfield>
    <subfield code="d">-1920 or 1921,</subfield>
    <subfield code="e">author.</subfield>
  </datafield>
  <datafield tag="245" ind1="1" ind2="0">
    <subfield code="6">880-02</subfield>
    <subfield code="a">Hadīyat al-ʻārifīn :</subfield>
    <subfield code="b">asmāʼ al-muʼallifīn wa-āthār al-muṣannifīn /</subfield>
    <subfield code="c">muʼallifuhu Ismāʻīl Bāshā al-Baghdādī.</subfield>
  </datafield>
  <datafield tag="246" ind1="1" ind2="5">
    <subfield code="a">Hadiyyat al-‘ārifīn, asmā’ al-muʼallifīn va āsār al-muṣannifīn.</subfield>
  </datafield>
  <datafield tag="264" ind1=" " ind2="1">
    <subfield code="6">880-03</subfield>
    <subfield code="a">Istānbūl :</subfield>
    <subfield code="b">Maṭba‘at Wikālat al-Maʻārif,</subfield>
    <subfield code="c">1951-1955.</subfield>
  </datafield>
  <datafield tag="300" ind1=" " ind2=" ">
    <subfield code="6">880-04</subfield>
    <subfield code="a">2 volumes ;</subfield>
    <subfield code="c">32 cm</subfield>
  </datafield>
  <datafield tag="336" ind1=" " ind2=" ">
    <subfield code="a">text</subfield>
    <subfield code="b">txt</subfield>
    <subfield code="2">rdacontent</subfield>
  </datafield>
  <datafield tag="337" ind1=" " ind2=" ">
    <subfield code="a">unmediated</subfield>
    <subfield code="b">n</subfield>
    <subfield code="2">rdamedia</subfield>
  </datafield>
  <datafield tag="338" ind1=" " ind2=" ">
    <subfield code="a">volume</subfield>
    <subfield code="b">nc</subfield>
    <subfield code="2">rdacarrier</subfield>
  </datafield>
  <datafield tag="500" ind1=" " ind2=" ">
    <subfield code="a">على غلاف المجلد الثاني: بضميمة ذيل كشف الظنون لسماحة العلامة المحقق الشيخ آغا بزرك الطهراني</subfield>
  </datafield>
  <datafield tag="588" ind1=" " ind2=" ">
    <subfield code="a">الوصف يستند إلى المجلد الأول.</subfield>
  </datafield>
  <datafield tag="590" ind1=" " ind2=" ">
    <subfield code="a">ينقص المجلد الثاني من نسخة إدارة الأرشيف والمجموعات الخاصة</subfield>
  </datafield>
  <datafield tag="650" ind1=" " ind2="4">
    <subfield code="a">المخطوطات العربية</subfield>
    <subfield code="v">ببليوغرافيا.</subfield>
  </datafield>
  <datafield tag="650" ind1=" " ind2="4">
    <subfield code="a">المؤلفون العرب</subfield>
    <subfield code="v">بيوببليوغرافيا.</subfield>
  </datafield>
  <datafield tag="650" ind1=" " ind2="4">
    <subfield code="a">الادب العربي</subfield>
    <subfield code="v">بيوببليوغرافيا.</subfield>
  </datafield>
  <datafield tag="650" ind1=" " ind2="4">
    <subfield code="a">المطبوعات العربية.</subfield>
  </datafield>
  <datafield tag="650" ind1=" " ind2="0">
    <subfield code="a">Manuscripts, Arabic</subfield>
    <subfield code="v">Bibliography.</subfield>
  </datafield>
  <datafield tag="650" ind1=" " ind2="0">
    <subfield code="a">Authors, Arab</subfield>
    <subfield code="v">Bio-bibliography.</subfield>
  </datafield>
  <datafield tag="650" ind1=" " ind2="0">
    <subfield code="a">Arabic literature</subfield>
    <subfield code="v">Bio-bibliography.</subfield>
  </datafield>
  <datafield tag="650" ind1=" " ind2="0">
    <subfield code="a">Arabic imprints.</subfield>
  </datafield>
  <datafield tag="852" ind1=" " ind2=" ">
    <subfield code="a">Jafet Library</subfield>
    <subfield code="e">American University of Beirut, Bliss Street , Beirut, Lebanon.</subfield>
  </datafield>
  <datafield tag="852" ind1=" " ind2=" ">
    <subfield code="a">Jafet Reference</subfield>
    <subfield code="e">American University of Beirut, Bliss Street , Beirut, Lebanon.</subfield>
  </datafield>
  <datafield tag="852" ind1=" " ind2=" ">
    <subfield code="a">Jafet Archives and Special Collections</subfield>
    <subfield code="e">American University of Beirut, Bliss Street, Beirut, ‎Lebanon.‎</subfield>
  </datafield>
  <datafield tag="880" ind1="1" ind2=" ">
    <subfield code="6">100-01/(3/r</subfield>
    <subfield code="a">الباباني، إسماعيل باشا،</subfield>
    <subfield code="d">-1920 أو 1921،</subfield>
    <subfield code="e">مؤلف. </subfield>
    <subfield code="4">aut.</subfield>
  </datafield>
  <datafield tag="880" ind1="1" ind2="0">
    <subfield code="6">245-02/(3/r</subfield>
    <subfield code="a">هدية العارفين :</subfield>
    <subfield code="b">أسماء المؤلفين وآثار المصنفين /</subfield>
    <subfield code="c">مؤلفه إسماعيل باشا البغدادي.</subfield>
  </datafield>
  <datafield tag="880" ind1=" " ind2="1">
    <subfield code="6">264-03/(3/r</subfield>
    <subfield code="a">استانبول :</subfield>
    <subfield code="b">مطبعة وكالة المعارف،</subfield>
    <subfield code="c">1951-1955.</subfield>
  </datafield>
  <datafield tag="880" ind1=" " ind2=" ">
    <subfield code="6">300-04/(3/r</subfield>
    <subfield code="a">2 مجلد ؛</subfield>
    <subfield code="c">32 سم</subfield>
  </datafield>
  <datafield tag="907" ind1=" " ind2=" ">
    <subfield code="a">.b12318930</subfield>
    <subfield code="b">16-03-02</subfield>
    <subfield code="c">11-05-24</subfield>
  </datafield>
  <datafield tag="907" ind1=" " ind2=" ">
    <subfield code="a">.b12318930</subfield>
    <subfield code="b">15-10-15</subfield>
    <subfield code="c">11-05-24</subfield>
  </datafield>
  <datafield tag="945" ind1=" " ind2=" ">
    <subfield code="f">CA</subfield>
    <subfield code="a">091.016:H154kaeA:v.1</subfield>
    <subfield code="g">1</subfield>
    <subfield code="i">00502430</subfield>
    <subfield code="j">.i19926133</subfield>
    <subfield code="l">u0304</subfield>
  </datafield>
  <datafield tag="945" ind1=" " ind2=" ">
    <subfield code="f">R</subfield>
    <subfield code="a">091.016:H154kaeA:v.1:c.1</subfield>
    <subfield code="g">1</subfield>
    <subfield code="i">01076477</subfield>
    <subfield code="j">.i12748390</subfield>
    <subfield code="l">u0601</subfield>
  </datafield>
  <datafield tag="945" ind1=" " ind2=" ">
    <subfield code="f">R</subfield>
    <subfield code="a">091.016:H154kaeA:v.2:c.1</subfield>
    <subfield code="g">1</subfield>
    <subfield code="i">01076478</subfield>
    <subfield code="j">.i12748407</subfield>
    <subfield code="l">u0601</subfield>
  </datafield>
  <datafield tag="945" ind1=" " ind2=" ">
    <subfield code="f">J</subfield>
    <subfield code="a">091.016:H154kaeA:v.1:c.1</subfield>
    <subfield code="g">1</subfield>
    <subfield code="i">01001516</subfield>
    <subfield code="j">.i12748377</subfield>
    <subfield code="l">u0503</subfield>
  </datafield>
  <datafield tag="945" ind1=" " ind2=" ">
    <subfield code="f">J</subfield>
    <subfield code="a">091.016:H154kaeA:v.2:c.1</subfield>
    <subfield code="g">1</subfield>
    <subfield code="i">01001517</subfield>
    <subfield code="j">.i12748389</subfield>
    <subfield code="l">u0503</subfield>
  </datafield>
  <datafield tag="998" ind1=" " ind2=" ">
    <subfield code="a">u03</subfield>
    <subfield code="a">(2)u05</subfield>
    <subfield code="a">(2)u06</subfield>
    <subfield code="b">97-01-21</subfield>
    <subfield code="c">m</subfield>
    <subfield code="d">a</subfield>
    <subfield code="e">-</subfield>
    <subfield code="f">ara</subfield>
    <subfield code="g">tu </subfield>
    <subfield code="h">0</subfield>
    <subfield code="i">5</subfield>
  </datafield>
</record>
</collection>
